@misc{Cours_intro_info,
	author={Philippe Blasi}, 
	title={CS - Intro Info partie 1},
	url={https://moodle-miashs.uf-mi.u-bordeaux.fr/course/view.php?id=152},
	year={2007},

}
@misc{Entier_naturel,
	author={Gerard Villemin}, 
	title={Conversion binaire d\'ecimal},
	url={http://villemin.gerard.free.fr/Wwwgvmm/Numerati/ConBin.htm},
	year={2017},
}

@misc{Entier_relatif,
	author={Rigoutsos Delmas}, 
	title={Coder les entiers relatifs},
	url={https://delmas-rigoutsos.nom.fr/documents/YDelmas-ordinateurs_et_systemes/code-negatifs.html},
}

@misc{Codage_virgule_fixe,
	author={Arsene Perez}, 
	title={Repr\'esentation binaire des nombres r\'eel},
	url={http://arsene.perez-mas.pagesperso-orange.fr/numeration/reels.htm},
	year={2017},
}

@misc{Norme_IEEE754,
	author={Xavier OUVRARD},
	title={Repr\'esentation num\'erique de l'information},
	url={http://math.univ-lyon1.fr/irem/IMG/pdf/ISN_Rep_num_seq_4_nombres_reels_IREM.pdf},
	year={2012},
}

@misc{Norme_IEEE754(2),
	author={Eric Obermeyer},
	title={Repr\'esentation des nombres r\'eels en informatique},
	url={http://www.maths-algo.fr/algo/cours/cours_nombres_representation_reels.htm#II1},
	year={2015},
}

@misc{Codage_ieee754,
	author={inconnue},
	title={Corrige 2},
	url={http://php.iai.heig-vd.ch/~lzo/micro/ex/Corrige_2.pdf},
}